@INPROCEEDINGS{opencv,
author={W. {Sriratana} and S. {Mukma} and N. {Tammarugwattana} and K. {Sirisantisamrid}},
booktitle={2018 International Conference on Engineering, Applied Sciences, and Technology (ICEAST)},
title={Application of the OpenCV-Python for Personal Identifier Statement},
year={2018},
volume={},
number={},
pages={1-4},
keywords={face recognition;OpenCV-python;personal identifier statement;work attendance;time-consuming;image processing;Viola Jones algorithm;recognition system;facial detection;facial-employee database;Face;Face detection;Databases;Face recognition;Image recognition;Radiofrequency identification;personal identifier;viola & jones algorithm;openCV-python;facial detection},
doi={10.1109/ICEAST.2018.8434429},
ISSN={null},
month={July},}
